<record><leader>00000cas a22000007a 4500</leader><controlfield tag="001">20430598</controlfield><controlfield tag="008">891003d19641983mduwr ne      0    0eng d</controlfield><datafield ind1=" " ind2=" " tag="010"><subfield code="a">sn 89060149 </subfield></datafield><datafield ind1=" " ind2=" " tag="040"><subfield code="a">MFN</subfield><subfield code="b">eng</subfield><subfield code="c">MFN</subfield><subfield code="d">OCLCQ</subfield></datafield><datafield ind1=" " ind2=" " tag="042"><subfield code="a">msc</subfield></datafield><datafield ind1=" " ind2="4" tag="050"><subfield code="a">AN41.241.F4</subfield><subfield code="b">F4</subfield></datafield><datafield ind1="0" ind2=" " tag="130"><subfield code="a">Federalsburg times (Federalsburg, Md. : 1964)</subfield></datafield><datafield ind1="1" ind2="4" tag="245"><subfield code="a">The Federalsburg times.</subfield></datafield><datafield ind1=" " ind2=" " tag="260"><subfield code="a">Federalsburg, Md. :</subfield><subfield code="b">News-Times, Inc.</subfield></datafield><datafield ind1=" " ind2=" " tag="300"><subfield code="a">v.</subfield></datafield><datafield ind1=" " ind2=" " tag="310"><subfield code="a">Weekly</subfield></datafield><datafield ind1="0" ind2=" " tag="362"><subfield code="a">Vol. 34, no. 26 (Mar. 5, 1964)-v. 47, no. 21 (July 27, 1983).</subfield></datafield><datafield ind1=" " ind2=" " tag="752"><subfield code="a">United States</subfield><subfield code="b">Maryland</subfield><subfield code="c">Caroline</subfield><subfield code="d">Federalsburg.</subfield></datafield><datafield ind1="0" ind2="0" tag="780"><subfield code="t">Times (Federalsburg, Md.)</subfield><subfield code="w">(DLC)sn 89060148</subfield></datafield><datafield ind1="0" ind2="7" tag="785"><subfield code="t">County record (Denton, Md.)</subfield><subfield code="w">(DLC)sn 89060069</subfield></datafield><datafield ind1="0" ind2="7" tag="785"><subfield code="t">Caroline County times-record</subfield><subfield code="w">(DLC)sn 83008636</subfield></datafield></record>